@inproceedings{finkelstein2001placing,
  title={Placing search in context: The concept revisited},
  author={Finkelstein, Lev and Gabrilovich, Evgeniy and Matias, Yossi and Rivlin, Ehud and Solan, Zach and Wolfman, Gadi and Ruppin, Eytan},
  booktitle={Proceedings of the 10th international conference on World Wide Web},
  pages={406--414},
  year={2001},
  organization={ACM}
}

@article{mikolov2013efficient,
  title={Efficient estimation of word representations in vector space},
  author={Mikolov, Tomas and Chen, Kai and Corrado, Greg and Dean, Jeffrey},
  journal={arXiv preprint arXiv:1301.3781},
  year={2013}
}

@article{landauer1998introduction,
  title={An introduction to latent semantic analysis},
  author={Landauer, Thomas K and Foltz, Peter W and Laham, Darrell},
  journal={Discourse processes},
  volume={25},
  number={2-3},
  pages={259--284},
  year={1998},
  publisher={Taylor \& Francis}
}

@inproceedings{gabrilovich2007computing,
  title={Computing Semantic Relatedness Using Wikipedia-based Explicit Semantic Analysis.},
  author={Gabrilovich, Evgeniy and Markovitch, Shaul},
  booktitle={IJCAI},
  volume={7},
  pages={1606--1611},
  year={2007}
}
 
@article{zesch2008extracting,
  title={Extracting Lexical Semantic Knowledge from Wikipedia and Wiktionary.},
  author={Zesch, Torsten and M{\"u}ller, Christof and Gurevych, Iryna},
  journal={LREC},
  volume={8},
  pages={1646--1652},
  year={2008}
}

@inproceedings{metaxas2011not,
  title={How (not) to predict elections},
  author={Metaxas, Panagiotis Takis and Mustafaraj, Eni and Gayo-Avello, Daniel},
  booktitle={Privacy, security, risk and trust (PASSAT), 2011 IEEE third international conference on and 2011 IEEE third international conference on social computing (SocialCom)},
  pages={165--171},
  year={2011},
  organization={IEEE}
}
