@article{LSA,
  title={An introduction to latent semantic analysis},
  author={Landauer, Thomas K and Foltz, Peter W and Laham, Darrell},
  journal={Discourse processes},
  volume={25},
  number={2-3},
  pages={259--284},
  year={1998},
  publisher={Taylor \& Francis}
}

@article{NNLM,
  title={A neural probabilistic language model},
  author={Bengio, Yoshua and Ducharme, R{\'e}jean and Vincent, Pascal and Janvin, Christian},
  journal={The Journal of Machine Learning Research},
  volume={3},
  pages={1137--1155},
  year={2003},
  publisher={JMLR. org}
}

@article{Word2Vec,
  title={Efficient estimation of word representations in vector space},
  author={Mikolov, Tomas and Chen, Kai and Corrado, Greg and Dean, Jeffrey},
  journal={arXiv preprint arXiv:1301.3781},
  year={2013}
}

@article{Arefyev,
  title={Evaluating Three Corpus-based Semantic Similarity Systems for Russian},
  author={Arefyev N. V., Panchenko A. I., Lukanin A. V., Lesota O. O. and Romanov P. V. },
  journal={Dialog 2015, Russia},
  year={2015}
}

@inproceedings{Zesch,
  title={Using Wiktionary for Computing Semantic Relatedness.},
  author={Zesch, Torsten and M{\"u}ller, Christof and Gurevych, Iryna},
  booktitle={AAAI},
  volume={8},
  pages={861--866},
  year={2008}
}

@inproceedings{Bar,
  title={Ukp: Computing semantic textual similarity by combining multiple content similarity measures},
  author={B{\"a}r, Daniel and Biemann, Chris and Gurevych, Iryna and Zesch, Torsten},
  booktitle={Proceedings of the First Joint Conference on Lexical and Computational Semantics-Volume 1: Proceedings of the main conference and the shared task, and Volume 2: Proceedings of the Sixth International Workshop on Semantic Evaluation},
  pages={435--440},
  year={2012},
  organization={Association for Computational Linguistics}
}

@inproceedings{Zesch2007,
  title={Analysis of the Wikipedia category graph for NLP applications},
  author={Zesch, Torsten and Gurevych, Iryna},
  booktitle={Proceedings of the TextGraphs-2 Workshop (NAACL-HLT 2007)},
  pages={1--8},
  year={2007}
}

@incollection{Panchenko2015,
  author    = {Panchenko, A. and Loukachevitch, N. V. and Ustalov, D. and Paperno, D. and Meyer, C. M. and Konstantinova, N.},
  title     = {{RUSSE: The First Workshop on Russian Semantic Similarity}},
  booktitle = {Computational Linguistics and Intellectual Technologies: papers from the Annual conference ``Dialogue''},
  year      = {2015},
  volume    = {2},
  issue     = {14 (21)},
  pages     = {89--105},
  address   = {Moscow},
  publisher = {RGGU},
  url       = {http://www.dialog-21.ru/digests/dialog2015/materials/pdf/PanchenkoAetal.pdf},
  language  = {english},
}


@inproceedings{WordSim353,
  title={Placing search in context: The concept revisited},
  author={Finkelstein, Lev and Gabrilovich, Evgeniy and Matias, Yossi and Rivlin, Ehud and Solan, Zach and Wolfman, Gadi and Ruppin, Eytan},
  booktitle={Proceedings of the 10th international conference on World Wide Web},
  pages={406--414},
  year={2001},
  organization={ACM}
}

@article{RG-65,
  title={Contextual correlates of synonymy},
  author={Rubenstein, Herbert and Goodenough, John B},
  journal={Communications of the ACM},
  volume={8},
  number={10},
  pages={627--633},
  year={1965},
  publisher={ACM}
}

@article{MC,
  title={Contextual correlates of semantic similarity},
  author={Miller, George A and Charles, Walter G},
  journal={Language and cognitive processes},
  volume={6},
  number={1},
  pages={1--28},
  year={1991},
  publisher={Taylor \& Francis}
}
@article{Kutuzov,
  title={Texts in, Meaning out: Neural Language Models in Semantic Similarity Tasks for Russian},
  author={Kutuzov A., Andreev I.}, 
  journal={Dialog 2015, Russia}
  year={2015}
}

@inproceedings{Segalovich,
  title={A Fast Morphological Algorithm with Unknown Word Guessing Induced by a Dictionary for a Web Search Engine.},
  author={Segalovich, Ilya},
  booktitle={MLMTA},
  pages={273--280},
  year={2003},
  organization={Citeseer}
}

@article{Doc2Vec,
  title={Distributed representations of sentences and documents},
  author={Le, Quoc V and Mikolov, Tomas},
  journal={arXiv preprint arXiv:1405.4053},
  year={2014}
}


